
    <marc:record>
        <marc:leader>01717npcaa2200325Ii 4500</marc:leader>
        <marc:controlfield tag="001">003867679</marc:controlfield>
        <marc:controlfield tag="005">20180828130100.0</marc:controlfield>
        <marc:controlfield tag="008">180828i18401869ncu                 eng d</marc:controlfield>
        <marc:datafield tag="035" ind1=" " ind2=" ">
            <marc:subfield code="a">1050113496</marc:subfield>
        </marc:datafield>
        <marc:datafield tag="040" ind1=" " ind2=" ">
            <marc:subfield code="a">NDD</marc:subfield>
            <marc:subfield code="c">NDD</marc:subfield>
            <marc:subfield code="e">rda</marc:subfield>
            <marc:subfield code="e">dacs</marc:subfield>
        </marc:datafield>
        <marc:datafield tag="041" ind1=" " ind2=" ">
            <marc:subfield code="a">eng</marc:subfield>
        </marc:datafield>
        <marc:datafield tag="049" ind1=" " ind2=" ">
            <marc:subfield code="a">NDDP</marc:subfield>
        </marc:datafield>
        <marc:datafield tag="100" ind1="1" ind2=" ">
            <marc:subfield code="a">Curtis, M. A.</marc:subfield>
            <marc:subfield code="q">(Moses Ashley),</marc:subfield>
            <marc:subfield code="d">1808-1872,</marc:subfield>
            <marc:subfield code="e">creator.</marc:subfield>
        </marc:datafield>
        <marc:datafield tag="245" ind1="1" ind2="0">
            <marc:subfield code="a">Moses Ashley Curtis papers,</marc:subfield>
            <marc:subfield code="f">1840-1869.</marc:subfield>
        </marc:datafield>
        <marc:datafield tag="264" ind1=" " ind2="0">
            <marc:subfield code="c">1840-1869</marc:subfield>
        </marc:datafield>
        <marc:datafield tag="300" ind1=" " ind2=" ">
            <marc:subfield code="a">0.1 linear ft. (10 items)</marc:subfield>
        </marc:datafield>
        <marc:datafield tag="336" ind1=" " ind2=" ">
            <marc:subfield code="a">text</marc:subfield>
            <marc:subfield code="b">txt</marc:subfield>
            <marc:subfield code="2">rdacontent</marc:subfield>
        </marc:datafield>
        <marc:datafield tag="337" ind1=" " ind2=" ">
            <marc:subfield code="a">unmediated</marc:subfield>
            <marc:subfield code="b">n</marc:subfield>
            <marc:subfield code="2">rdamedia</marc:subfield>
        </marc:datafield>
        <marc:datafield tag="338" ind1=" " ind2=" ">
            <marc:subfield code="a">sheet</marc:subfield>
            <marc:subfield code="b">nb</marc:subfield>
            <marc:subfield code="2">rdacarrier</marc:subfield>
        </marc:datafield>
        <marc:datafield tag="545" ind1=" " ind2=" ">
            <marc:subfield code="a">Moses Ashley Curtis (1808-1872) was an Episcopal minister, teacher, and noted botanist, with particular interest in mycology or fungi. While he lived in Hillsborough he served as rector of St. Matthews Church.</marc:subfield>
        </marc:datafield>
        <marc:datafield tag="520" ind1="8" ind2=" ">
            <marc:subfield code="a">The papers constituting this collection are botanical lists and one letter written from Montreal and accompanied a diploma for Moses as a corresponding member of the Natural History Society of Montreal. The collection includes lists of botanical plants sent to Dr. Alvin Wentworth Chapman; Charles James Sprague; Reverend T. L. Russell; Dr. Ezra Michener; the Philadelphia Academy of Natural Sciences; T. M. Peters; and William M. Canby. A list of fungi received from Charles Horton Peck is also included.</marc:subfield>
        </marc:datafield>
        <marc:datafield tag="610" ind1="2" ind2="0">
            <marc:subfield code="a">Natural History Society of Montreal.</marc:subfield>
        </marc:datafield>
        <marc:datafield tag="650" ind1=" " ind2="0">
            <marc:subfield code="a">Botany</marc:subfield>
            <marc:subfield code="y">19th century.</marc:subfield>
        </marc:datafield>
        <marc:datafield tag="650" ind1=" " ind2="0">
            <marc:subfield code="a">Mycology</marc:subfield>
            <marc:subfield code="y">19th century.</marc:subfield>
        </marc:datafield>
        <marc:datafield tag="600" ind1="1" ind2="0">
            <marc:subfield code="a">Sprague, Charles J.</marc:subfield>
            <marc:subfield code="q">(Charles James),</marc:subfield>
            <marc:subfield code="d">1823-1903.</marc:subfield>
        </marc:datafield>
        <marc:datafield tag="600" ind1="1" ind2="0">
            <marc:subfield code="a">Michener, Ezra,</marc:subfield>
            <marc:subfield code="d">1794-1887.</marc:subfield>
        </marc:datafield>
        <marc:datafield tag="600" ind1="1" ind2="0">
            <marc:subfield code="a">Canby, William Marriott,</marc:subfield>
            <marc:subfield code="d">1831-1904.</marc:subfield>
        </marc:datafield>
        <marc:datafield tag="650" ind1=" " ind2="0">
            <marc:subfield code="a">Hillsborough (N.C.)</marc:subfield>
        </marc:datafield>
        <marc:datafield tag="650" ind1=" " ind2="0">
            <marc:subfield code="a">Orange County (N.C.)</marc:subfield>
        </marc:datafield>
        <marc:datafield tag="700" ind1="1" ind2=" ">
            <marc:subfield code="a">Curtis, M. A.</marc:subfield>
            <marc:subfield code="q">(Moses Ashley),</marc:subfield>
            <marc:subfield code="d">1808-1872.</marc:subfield>
        </marc:datafield>
    </marc:record>